
% This is a file in the format of BibLaTeX (http://www.ctan.org/pkg/biblatex), using features unsupported by standard BibTeX, and generated with the BibLaTeX-with-hacks translator of Zotero 4.0.21.2

@book{mullerII2008,
	location = {Weinheim},
	title = {Berechnung elektrischer Maschinen},
	publisher = {Wiley-{VCH-Verl.}},
	author = {Müller, Germar and Vogt, Karl and Ponick, Bernd},
	date = {2008}
}

@book{schroder2000,
	location = {Berlin [u.a.]},
	title = {Elektrische Antriebe: Grundlagen},
	publisher = {Springer},
	author = {Schröder, Dierk},
	date = {2000}
}

@book{riefenstahl2010,
	edition = {3},
	title = {Elektrische Antriebssysteme: Grundlagen, Komponenten, Regelverfahren, Bewegungssteuerung.},
	publisher = {{Vieweg+Teubner} Verlag},
	author = {Riefenstahl, Ulrich},
	date = {2010}
}

@book{bolte2012,
	location = {Berlin, Heidelberg},
	title = {Elektrische Maschinen},
	publisher = {Springer Berlin Heidelberg},
	author = {Bolte, Ekkehard},
	urldate = {2014-07-14},
	date = {2012},
	langid = {german}
}

@book{fischer2009,
	location = {München},
	edition = {14},
	title = {Elektrische Maschinen},
	publisher = {Hanser},
	author = {Fischer, Rolf},
	date = {2009}
}

@book{mullerI2005,
	location = {Weinheim},
	title = {Elektrische Maschinen},
	publisher = {Wiley-{VCH}},
	author = {Müller, Germar},
	date = {2005}
}

@book{gerke2012,
	title = {Elektrische Maschinen und Aktoren: Eine anwendungsorientierte Einführung},
	shorttitle = {Elektrische Maschinen und Aktoren},
	author = {Gerke, Wolfgang},
	urldate = {2014-07-13},
	date = {2012}
}

@book{kremser2004,
	location = {Stuttgart [u.a.]},
	title = {Elektrische Maschinen und Antriebe},
	shorttitle = {Elektrische Maschinen und Antriebe},
	publisher = {Teubner},
	author = {Kremser, Andreas},
	date = {2004}
}

@book{fuest2004,
	location = {Wiesbaden},
	title = {Elektrische Maschinen und Antriebe: Lehr- und Arbeitsbuch ; mit zahlreichen durchgerechneten Beispielen und Übungen sowie Fragen und Aufgaben zur Vertiefung des Lehrstoffes},
	shorttitle = {Elektrische Maschinen und Antriebe},
	publisher = {Vieweg},
	author = {Fuest, Klaus and Döring, Peter},
	date = {2004}
}

@book{binder2012,
	location = {Berlin},
	title = {Elektrische Maschinen und Antriebe: Übungsbuch - Aufgaben mit Lösungsweg},
	shorttitle = {Elektrische Maschinen und Antriebe},
	publisher = {Springer},
	author = {Binder, Andreas},
	date = {2012}
}

@book{hofmann2013,
	location = {München [u.a.]},
	title = {Elektrische Maschinen},
	shorttitle = {Elektrische Maschinen},
	publisher = {Pearson},
	author = {Hofmann, Wilfried},
	date = {2013}
}

@book{henke2011,
	location = {Berlin},
	edition = {4},
	title = {Elektromagnetische Felder: Theorie und Anwendung},
	shorttitle = {Elektromagnetische Felder},
	publisher = {Springer},
	author = {Henke, Heino},
	date = {2011}
}

@book{nuss2010,
	location = {Berlin; Offenbach},
	title = {Hochdynamische Regelung elektrischer Antriebe},
	publisher = {{VDE-Verl.}},
	author = {Nuss, Uwe},
	date = {2010}
}

@book{felderhoff2006,
	location = {München},
	edition = {4},
	title = {Leistungselektronik},
	shorttitle = {Leistungselektronik},
	publisher = {Hanser},
	author = {Felderhoff, Rainer and Busch, Udo},
	date = {2006}
}

@book{scherf2010,
	location = {München},
	title = {Modellbildung und Simulation dynamischer Systeme eine Sammlung von Simulink-Beispielen},
	publisher = {Oldenbourg},
	author = {Scherf, Helmut},
	date = {2010}
}

@book{schroder2001,
	location = {Berlin [u.a.]},
	title = {Regelung von Antriebssystemen},
	publisher = {Springer},
	author = {Schröder, Dierk},
	date = {2001}
}

@book{unbehauenI2008,
	location = {Wiesbaden},
	edition = {15},
	title = {Regelungstechnik I: Klassische Verfahren zur Analyse und Synthese linearer kontinuierlicher Regelsysteme, Fuzzy-Regelsysteme},
	publisher = {{Vieweg+Teubner} Verlag},
	author = {Unbehauen, Heinz},
	date = {2008}
}

@book{unbehauenII2009,
	location = {Wiesbaden},
	edition = {Auflage: 9., durchges. u. korr. Aufl. 2007. 2., korr. Nachdruck 2009},
	title = {Regelungstechnik {II:} Zustandsregelungen, digitale und nichtlineare Regelsysteme},
	shorttitle = {Regelungstechnik {II}},
	abstract = {In diesem zweiten Band der Regelungstechnik werden solche Analyse- und Syntheseverfahren behandelt, die bei der Realisierung moderner Regelkonzepte benötigt werden, insbesondere die Grundlagen zur Behandlung von Regelsystemen im Zustandsraum sowie Grundkenntnisse der digitalen Regelung.},
	pagetotal = {447},
	publisher = {{Vieweg+Teubner} Verlag},
	author = {Unbehauen, Heinz},
	date = {2009}
}

@book{unbehauenIII2011,
	location = {Wiesbaden},
	edition = {Auflage: 7., korr. Aufl. 2011},
	title = {Regelungstechnik {III:} Identifikation, Adaption, Optimierung},
	shorttitle = {Regelungstechnik {III}},
	abstract = {Der dritte Band enthält Verfahren und Methoden, mit denen die dynamischen Systeme der Regelungstechnik sicher beherrscht werden können.},
	pagetotal = {616},
	publisher = {{Vieweg+Teubner} Verlag},
	author = {Unbehauen, Heinz},
	date = {2011}
}

@phdthesis{Perassi2006,
	author 	=	{Hector Perassi},
	title 	=	{Feldorientierte Regelung der permanenterregten Synchronmaschine ohne Lagegeber für den gesamten Drehzahlbereich bis zum Stillstand},
	school	=	{TU Ilmenau},
	year	=	{2006},
	type	=	{Dissertation}
}

@phdthesis{Kellner2012,
	author 	=	{Sven Kellner},
	title 	=	{Parameteridentifikation bei permanenterregten Synchronmaschinen},
	school	=	{TU Erlangen-Nürnberg},
	year	=	{2012},
	type	=	{Dissertation}
}

@phdthesis{Bruhn2009,
	author 	=	{Henning {Wökl-Bruhn}},
	title 	=	{Synchronmaschine mit eingebetteten Magneten und neuartiger variabler Erregung für Hybridantriebe},
	school	=	{TU Carolo-Wilhelmina zu Braunschweig},
	year	=	{2009},
	type	=	{Dissertation}
}

@phdthesis{Grune2012,
	author 	=	{Rayk Grune},
	title 	=	{Verlustoptimaler Betrieb einer elektrisch erregten Synchronmaschine für den Einsatz in Elektrofahrzeugen},
	school	=	{TU Berlin},
	year	=	{2012},
	type	=	{Dissertation}
}

@BOOK{hagmann,
author 		=	{Gert Hagmann},
title 		=	{Grundlagen der Elektrotechnik},
publisher 	=	{AULA},
edition		=	{13},
address		=	{Ulm},
year 		=	{2008}
}

@BOOK{hahn,
author 		=	{Ulrich Hahn},
title 		=	{Physik für Ingenieure},
publisher 	=	{Oldenbourg},
address		=	{München},
year 		=	{2007}
}

@BOOK{knorrenschild,
author 		=	{Michael Knorrenschild},
title 		=	{Mathematik für Ingenieure 2: Angewandte Analysis im Bachelorstudium},
publisher 	=	{Hanser},
address		=	{München},
year 		=	{2014}
}

@BOOK{papula_formel,
author 		=	{Lothar Papula},
title 		=	{Mathematische Formelsammlung},
publisher 	=	{Vieweg},
address		=	{Wiesbaden},
edition		=	{8},
year 		=	{2003}
}

@BOOK{papula_bd1,
author 		=	{Lothar Papula},
title 		=	{Mathematik für Ingenieure und Naturwissenschaftler: Band 2, Ein Lehr- und Arbeitsbuch für das Grundstudium},
publisher 	=	{Vieweg+Teubner Verlag},
address		=	{Wiesbaden},
edition		=	{12},
year 		=	{2009}
}

@BOOK{papula_bd2,
author 		=	{Lothar Papula},
title 		=	{Mathematik für Ingenieure und Naturwissenschaftler: Band 1, Ein Lehr- und Arbeitsbuch für das Grundstudium},
publisher 	=	{Vieweg+Teubner Verlag},
address		=	{Wiesbaden},
edition		=	{12},
year 		=	{2009}
}

@BOOK{stocker,
author 		=	{Horst Stöcker},
title 		=	{Taschenbuch der Physik},
publisher 	=	{Verlag Harri Deutsch},
address		=	{Frankfurt am Main},
edition		=	{6},
year 		=	{2010}
}

@BOOK{bronstein,
author 		=	{Bronstein, I. N. AND Semendjajew, K. A. AND Musiol, M. AND Mühling, H.},
title 		=	{Taschenbuch der Mathematik},
publisher 	=	{Verlag Harri Deutsch},
address		=	{Frankfurt am Main},
edition		=	{8},
year 		=	{2012}
}

@BOOK{lutz,
author 		=	{Holger Lutz AND Wolfgang Wendt},
title 		=	{Taschenbuch der Regelungstechnik},
publisher 	=	{Verlag Harri Deutsch},
address		=	{Frankfurt am Main},
edition		=	{9},
year 		=	{2012}
}

@BOOK{kovacs1959,
author 		=	{Kovács, K. AND Rácz, I.},
title 		=	{Transiente Vorgänge in Wechselstrommaschinen},
publisher 	=	{Verlag der ungarischen Akademie der Wissenschaften},
address		=	{Budapest},
year 		=	{1959}
}

@mastersthesis{ternes2013,
author		=	{Benjamin Ternes},
title		=	{Softwaregestützte Berechnung von Stator- und Rotoroberströmen in Abhängigkeit der Drehzahl eines asynchronen Käfigläufermotors auf Basis der Oberfeldtheorie},
school		=	{FH Dortmund, University of Applied Science and Arts},
year		=	{2013},
type		= 	{Bachelorarbeit}
}

@mastersthesis{ternesfeldkamp,
author		=	{Ternes, Benjamin AND Feldkamp, Jan},
title		=	{Modellbasierte Implementierung einer Feldorientierten Regelung},
school		=	{HS Bochum},
year		=	{2014},
type		= 	{Projektarbeit}
}

@inproceedings{ternes2012,
author		=	{Benjamin Ternes},
year		=	{2012},
booktitle	=	{Nutzung des Tools EM-Praktikum und ANSYS in den Lehrveranstaltungen der Elektrischen Maschinen},
title		=	{Beitrag zur internationalen ANSYS Konferenz in Kassel -- Simulation des Synchronprozesses},
pages 		=	{108--112},
organization	=	{CADFEM}
}

@article{genduso,
author		=	{Genduso, Fabio AND Miceli, Rosario AND Rando, Cosimo AND Galluzzo, Ricco},
year		=	{2010},
journal 	=	{Industrial Electronics, IEEE Transactions},
title		=	{Back-EMF Sensorless Control Algorithm for High Dynamics Performances PMSM},
pages 		=	{2092--2100},
volume		=   {57}
}

@article{glasl,
author		=	{Glasl, M. AND Wittmann, B.},
year		=	{2003},
journal 	=	{e \& i},
title		=	{Feldorientierte Regelung der Permanentmagnet-Synchronmaschine auf Basis des Drehzahlistwertes mit Winkelfehlerkorrektur},
volume		=   {120}
}

@article{leitgeb,
author		=	{Leitgeb, W.},
year		=	{1993},
journal 	=	{Archiv für Elektrotechnik},
title		=	{Eine Möglichkeit der Feldschwachung dauermagneterregter Maschinen und ihre Auswirkung auf die Bemessungsleistung des Stromrichters},
pages 		=	{293--299},
volume		=   {76}
}

@article{mosebach,
author		=	{Mosebach, H.},
year		=	{1998},
journal 	=	{Electrical Engineering},
title		=	{Einfache analytische Rechenmodelle für permanentmagneterregte Synchronmaschinen},
pages 		=	{171--176},
volume		=   {81}
}

@article{quiroga,
author		=	{Quiroga, Jabid AND Cartes, David AND Edrington, Chris},
year		=	{2009},
journal 	=	{Dyna},
title		=	{NEURAL NETWORK BASED SYSTEM IDENTIFICATION OF A PMSM UNDER LOAD FLUCTUATION},
pages 		=	{273--282},
volume		=   {160}
}

@article{sturmberger,
author		=	{Sturmberger, B. AND Sturmberger, G. AND Dolinar D. AND Hamler, A. AND Trlep, M.},
year		=	{2003},
journal 	=	{Industrial Applications, IEEE Transactions},
title		=	{Evaluation of saturation and cross-magnetization effects in interior permanent-magnet synchronous motor},
pages 		=	{1264--1271},
volume		=   {39}
}

@thesis{grune_verlustoptimaler_2012,
	title = {Verlustoptimaler Betrieb einer elektrisch erregten Synchronmaschine für den Einsatz in Elektrofahrzeugen},
	institution = {Universität Berlin},
	type = {phdthesis},
	author = {Grune, Rayk},
	date = {2012}
}

@article{inoue_performance_2011,
	title = {Performance Improvement of Sensorless {IPMSM} Drives in a Low-Speed Region Using Online Parameter Identification},
	volume = {47},
	pages = {798--804},
	number = {2},
	journaltitle = {{IEEE} Transactions on Industry Applications},
	author = {Inoue, Yukinori and Kawaguchi, Yasunori and Morimoto, Shigeo and Sanada, Masayuki},
	urldate = {2014-10-31},
	date = {2011-03}
}
@inproceedings{kellner_general_2011,
	title = {General {PMSM} d, q-model using optimized interpolated absolute and differential inductance surfaces},
	pages = {212--217},
	booktitle = {Electric Machines \& Drives Conference ({IEMDC}), 2011 {IEEE} International},
	publisher = {{IEEE}},
	author = {Kellner, Sven Ludwig and Piepenbreier, Bernhard},
	urldate = {2014-10-31},
	date = {2011}
}

@thesis{kellner_parameteridentifikation,
	title = {Parameteridentifikation bei permanenterregten Synchronmaschinen Parameter Identification of Permanent Magnet Synchronous Machines},
	institution = {Universität Erlangen-Nürnberg},
	type = {phdthesis},
	author = {Kellner, Sven Ludwig}
}

@inproceedings{kilthau_parameter-measurement_2001,
	title = {Parameter-measurement and control of the synchronous reluctance machine including cross saturation},
	volume = {4},
	pages = {2302--2309},
	booktitle = {Industry Applications Conference, 2001. Thirty-Sixth {IAS} Annual Meeting. Conference Record of the 2001 {IEEE}},
	publisher = {{IEEE}},
	author = {Kilthau, A. and Pacas, J. M.},
	urldate = {2014-10-31},
	date = {2001}
}

@article{piippo_adaptation_2009,
	title = {Adaptation of motor parameters in sensorless {PMSM} drives},
	volume = {45},
	pages = {203--212},
	number = {1},
	journaltitle = {Industry Applications, {IEEE} Transactions on},
	author = {Piippo, Antti and Hinkkanen, Marko and Luomi, Jorma},
	urldate = {2014-10-31},
	date = {2009}
}

@article{rahman_identification_2005,
	title = {Identification of Machine Parameters of a Synchronous Motor},
	volume = {41},
	pages = {557--565},
	number = {2},
	journaltitle = {{IEEE} Transactions on Industry Applications},
	author = {Rahman, K.M. and Hiti, S.},
	urldate = {2014-10-31},
	date = {2005-03}
}

@article{reinert_calculation_2001,
	title = {Calculation of losses in ferro-and ferrimagnetic materials based on the modified Steinmetz equation},
	volume = {37},
	pages = {1055--1061},
	number = {4},
	journaltitle = {Industry Applications, {IEEE} Transactions on},
	author = {Reinert, Jürgen and Brockmeyer, Ansgar and De Doncker, Rik {WAA}},
	urldate = {2014-10-31},
	date = {2001}
}

@article{shalaby_bestimmung_1976,
	title = {Bestimmung der Maschinenkonstanten einer mit Permanentmagneten erregten Synchronmaschine},
	volume = {58},
	pages = {215--223},
	number = {4},
	journaltitle = {Archiv für Elektrotechnik},
	author = {Shalaby, Ing M.},
	urldate = {2014-10-30},
	date = {1976}
}

@book{slotine_applied_1991,
	location = {Englewood Cliffs, N.J},
	title = {Applied nonlinear control},
	pagetotal = {459},
	publisher = {Prentice Hall},
	author = {Slotine, J.-J. E.},
	editora = {Li, Weiping},
	editoratype = {collaborator},
	date = {1991},
	keywords = {Nonlinear control theory}
}

@article{stumberger_evaluation_2003,
	title = {Evaluation of saturation and cross-magnetization effects in interior permanent-magnet synchronous motor},
	volume = {39},
	pages = {1264--1271},
	number = {5},
	journaltitle = {{IEEE} Transactions on Industry Applications},
	author = {Stumberger, B. and Stumberger, G. and Dolinar, D. and Hamler, A. and Trlep, M.},
	urldate = {2014-10-31},
	date = {2003-09},
	langid = {english}
}

@article{underwood_online_2010,
	title = {Online Parameter Estimation and Adaptive Control of Permanent-Magnet Synchronous Machines},
	volume = {57},
	pages = {2435--2443},
	number = {7},
	journaltitle = {{IEEE} Transactions on Industrial Electronics},
	author = {Underwood, Samuel J and Husain, Iqbal},
	urldate = {2014-10-31},
	date = {2010-07}
}

@book{kiel2005,
	location = {s.l.},
	edition = {Auflage: 1., Aufl.},
	title = {Regelung permanenterregter Synchronmaschinen ohne mechanischen Geber für den industriellen Einsatz},
	pagetotal = {114},
	publisher = {Cuvillier, E},
	author = {Kiel, Jürgen},
	date = {2005}
}
